@inproceedings{transformer,
	author = {Vaswani, Ashish and Shazeer, Noam and Parmar, Niki and Uszkoreit, Jakob and Jones, Llion and Gomez, Aidan and Kaiser, Lukasz and Polosukhin, Illia},
	title = {Attention is All You Need},
	year = {2017},
	isbn = {9781510860964},
	publisher = {Curran Associates Inc.},
	address = {Red Hook, NY, USA},
	booktitle = {Proceedings of the 31st International Conference on Neural Information Processing Systems},
	pages = {6000--6010},
	numpages = {11},
	location = {Long Beach, USA},
	series = {NIPS'17}
}
@article{lstm,
	title={Long short-term memory},
	author={Hochreiter, Sepp and Schmidhuber, J{\"u}rgen},
	journal={Neural computation},
	volume={9},
	number={8},
	pages={1735--1780},
	year={1997},
	publisher={MIT Press}
}

@inproceedings{elmo,
	title = "Deep Contextualized Word Representations",
	author = "Peters, Matthew and
	Neumann, Mark  and
	Iyyer, Mohit  and
	Gardner, Matt  and
	Clark, Christopher  and
	Lee, Kenton  and
	Zettlemoyer, Luke",
	booktitle = "Proceedings of the 2018 Conference of the North {A}merican Chapter of the Association for Computational Linguistics: Human Language Technologies, Volume 1 (Long Papers)",
	month = jun,
	year = "2018",
	address = "New Orleans, Louisiana",
	publisher = "Association for Computational Linguistics",
	doi = "10.18653/v1/N18-1202",
	pages = "2227--2237",
}
@inproceedings{bert,
	title = "{BERT}: Pre-training of Deep Bidirectional Transformers for Language Understanding",
	author = "Devlin, Jacob  and
	Chang, MingWei  and
	Lee, Kenton  and
	Toutanova, Kristina",
	booktitle = "Proceedings of the 2019 Conference of the North {A}merican Chapter of the Association for Computational Linguistics: Human Language Technologies, Volume 1 (Long and Short Papers)",
	month = jun,
	year = "2019",
	address = "Minneapolis, USA",
	publisher = "Association for Computational Linguistics",
	doi = "10.18653/v1/N19-1423",
	pages = "4171--4186",
}
@inbook{RNNGradientProblem,
	title={Gradient flow in recurrent nets: the difficulty of learning long-term dependencies},
	author={Hochreiter, Sepp and Bengio, Yoshua and Frasconi, Paolo and Schmidhuber, J{\"u}rgen},
	year={2001},
	publisher={A field guide to dynamical recurrent neural networks. IEEE Press},
	doi={10.1109/9780470544037.ch14},
	pages={237-243},
}
@article{VanishingGradient,
	title={Learning long-term dependencies with gradient descent is difficult},
	author={Bengio, Yoshua and Simard, Patrice and Frasconi, Paolo},
	journal={IEEE transactions on neural networks},
	volume={5},
	number={2},
	pages={157--166},
	year={1994},
	publisher={IEEE}
}
@techreport{rnn,
	title={Learning internal representations by error propagation},
	author={Rumelhart, David and Hinton, Geoffrey and Williams, Ronald},
	year={1985},
	institution={California Univ San Diego La Jolla Inst for Cognitive Science}
}
@inproceedings{transformerboom,
	title = "Transformers: State-of-the-Art Natural Language Processing",
	author = "Wolf, Thomas  and
	Debut, Lysandre  and
	Sanh, Victor  and
	Chaumond, Julien  and
	Delangue, Clement  and
	Moi, Anthony  and
	Cistac, Pierric  and
	Rault, Tim  and
	Louf, Remi  and
	Funtowicz, Morgan  and
	Davison, Joe  and
	Shleifer, Sam  and
	von Platen, Patrick  and
	Ma, Clara  and
	Jernite, Yacine  and
	Plu, Julien  and
	Xu, Canwen  and
	Le Scao, Teven  and
	Gugger, Sylvain  and
	Drame, Mariama  and
	Lhoest, Quentin  and
	Rush, Alexander",
	booktitle = "Proceedings of the 2020 Conference on Empirical Methods in Natural Language Processing: System Demonstrations",
	month = oct,
	year = "2020",
	address = "Punta Cana, Dominican Republic",
	publisher = "Association for Computational Linguistics",
	doi = "10.18653/v1/2020.emnlp-demos.6",
	pages = "38--45",
}
@inproceedings{residualconnection,
	title={Deep residual learning for image recognition},
	author={He, Kaiming and Zhang, Xiangyu and Ren, Shaoqing and Sun, Jian},
	booktitle={Proceedings of the IEEE conference on computer vision and pattern recognition},
	pages={770--778},
	year={2016},
	address={Las Vegas, United States}
}
@article{word2vec,
	title={Efficient estimation of word representations in vector space},
	author={Mikolov, Tomas and Chen, Kai and Corrado, Greg and Dean, Jeffrey},
	journal={arXiv preprint arXiv:1301.3781},
	year={2013}
}
@inproceedings{glove,
	title = "{G}lo{V}e: Global Vectors for Word Representation",
	author = "Pennington, Jeffrey  and
	Socher, Richard  and
	Manning, Christopher",
	booktitle = "Proceedings of the 2014 Conference on Empirical Methods in Natural Language Processing ({EMNLP})",
	month = oct,
	year = "2014",
	address = "Doha, Qatar",
	publisher = "Association for Computational Linguistics",
	doi = "10.3115/v1/D14-1162",
	pages = "1532--1543",
}

@InProceedings{Wang:18,
	author="Wang, Yufan
	and Tang, Li
	and He, Tingting",
	editor="Sun, Maosong
	and Liu, Ting
	and Wang, Xiaojie
	and Liu, Zhiyuan
	and Liu, Yang",
	title="Attention-Based CNN-BLSTM Networks for Joint Intent Detection and Slot Filling",
	booktitle="Chinese Computational Linguistics and Natural Language Processing Based on Naturally Annotated Big Data",
	year="2018",
	publisher="Springer International Publishing",
	address="Cham, Switzerland",
	pages="250--261",
	isbn="978-3-030-01716-3",month={May},
	doi="10.1007/978-3-030-01716-3_21",
}

@article{Tang:2020,
	title = {End-to-end masked graph-based CRF for joint slot filling and intent detection},
	journal = {Neurocomputing},
	volume = {413},
	pages = {348--359},
	year = {2020},
	issn = {0925-2312},
	doi = {10.1016/j.neucom.2020.06.113},
	author = {Hao Tang and Donghong Ji and Qiji Zhou},
	keywords = {Slot filling, Graph-based CRF, Intent detection, Mask mechanism, End-to-end structure},
}
@article{zhou:15clstm,
	title={A C-LSTM Neural Network for Text Classification}, 
	author={Chunting Zhou and Chonglin Sun and Zhiyuan Liu and Francis Lau},
	year={2015},
	journal={arXiv preprint arXiv:1511.08630},
}

@article{chen:2019,
	title={BERT for Joint Intent Classification and Slot Filling}, 
	author={Qian Chen and Zhu Zhuo and Wen Wang},
	year={2019},
	eprint={1902.10909},
	journal={arXiv preprint arXiv:1902.10909},
}

@Article{Firdaus:2021,
	author={Firdaus, Mauajama
	and Golchha, Hitesh
	and Ekbal, Asif
	and Bhattacharyya, Pushpak},
	title={A Deep Multi-task Model for Dialogue Act Classification, Intent Detection and Slot Filling},
	journal={Cognitive Computation},
	year={2021},
	month={May},
	day={01},
	volume={13},
	number={3},
	pages={626--645},
	issn={1866-9964},
	doi={10.1007/s12559-020-09718-4},
}

@INPROCEEDINGS{Daha:2019,
	author={Daha, Fatima Zohra and Hewavitharana, Saniika},
	booktitle={2019 IEEE 13th International Conference on Semantic Computing (ICSC)}, 
	title={Deep Neural Architecture with Character Embedding for Semantic Frame Detection}, 
	year={2019},
	volume={},
	number={},
	pages={302-307},
	doi={10.1109/ICOSC.2019.8665582},
	address={Newport Beach, USA}
}

@article{Siddhant:2019,
	title={Unsupervised Transfer Learning for Spoken Language Understanding in Intelligent Agents}, 
	volume={33}, 
	DOI={10.1609/aaai.v33i01.33014959}, 
	number={01}, 
	journal={Proceedings of the Association for the Advancement of Artificial Intelligence Conference on Artificial Intelligence}, 
	author={Siddhant, Aditya and Goyal, Anuj and Metallinou, Angeliki}, 
	year={2019},
	month={jul}, 
	pages={4959--4966}
}
@Article{Qiu2020,
	author="Qiu, XiPeng
	and Sun, TianXiang
	and Xu, YiGe
	and Shao, YunFan
	and Dai, Ning
	and Huang, XuanJing",
	title="Pre-trained models for natural language processing: A survey",
	journal="Science China Technological Sciences",
	year="2020",
	month="Oct",
	day="01",
	volume="63",
	number="10",
	pages="1872--1897",
	issn="1869-1900",
	doi="10.1007/s11431-020-1647-3",
}

@inproceedings{huang:2020,
	title = "Federated Learning for Spoken Language Understanding",
	author = "Huang, Zhiqi  and
	Liu, Fenglin  and
	Zou, Yuexian",
	booktitle = "Proceedings of the 28th International Conference on Computational Linguistics",
	month = dec,
	year = "2020",
	address = "Barcelona, Spain",
	publisher = "International Committee on Computational Linguistics",
	doi = "10.18653/v1/2020.coling-main.310",
	pages = "3467--3478"
}
@article{yang:2021,
	title = {AISE: Attending to Intent and Slots Explicitly for better spoken language understanding},
	journal = {Knowledge-Based Systems},
	volume = {211},
	pages = {106537},
	year = {2021},
	issn = {0950-7051},
	doi = {https://doi.org/10.1016/j.knosys.2020.106537},
	author = {Peng Yang and Dong Ji and Chengming Ai and Bing Li}
}



@INPROCEEDINGS{Qin:2021,
	author={Qin, Libo and Liu, Tailu and Che, Wanxiang and Kang, Bingbing and Zhao, Sendong and Liu, Ting},
	booktitle={2021 - 2021 IEEE International Conference on Acoustics, Speech and Signal Processing (ICASSP)}, 
	title={A Co-Interactive Transformer for Joint Slot Filling and Intent Detection}, 
	year={2021},
	volume={},
	number={},
	pages={8193--8197},
	doi={10.1109/ICASSP39728.2021.9414110},
	address={Toronto, Canada}
}
@ARTICLE{mesnil:2015,
	author={Mesnil, Gr√©goire and Dauphin, Yann and Yao, Kaisheng and Bengio, Yoshua and Deng, Li and HakkaniTur, Dilek and He, Xiaodong and Heck, Larry and Tur, Gokhan and Yu, Dong and Zweig, Geoffrey},
	journal={IEEE/ACM Transactions on Audio, Speech, and Language Processing}, 
	title={Using Recurrent Neural Networks for Slot Filling in Spoken Language Understanding}, 
	year={2015},
	volume={23},
	number={3},
	pages={530-539},
	doi={10.1109/TASLP.2014.2383614}}
@inproceedings{e:2019,
	title = "A Novel Bi-directional Interrelated Model for Joint Intent Detection and Slot Filling",
	author = "E, Haihong  and
	Niu, Peiqing  and
	Chen, Zhongfu  and
	Song, Meina",
	booktitle = "Proceedings of the 57th Annual Meeting of the Association for Computational Linguistics",
	month = jul,
	year = "2019",
	address = "Florence, Italy",
	publisher = "Association for Computational Linguistics",
	doi = "10.18653/v1/P19-1544",
	pages = "5467--5471",
}
@article{Firdaus:2019,
	title = {A Multi-Task Hierarchical Approach for Intent Detection and Slot Filling},
	journal = {Knowledge-Based Systems},
	volume = {183},
	year = {2019},
	issn = {0950-7051},
	doi = {https://doi.org/10.1016/j.knosys.2019.07.017},
	author = {Mauajama Firdaus and Ankit Kumar and Asif Ekbal and Pushpak Bhattacharyya},
	keywords = {Multi-task, Hierarchical, Intent detection, Slot filling},
}
@article{Qin:2019,
	title={A Stack-Propagation Framework with Token-Level Intent Detection for Spoken Language Understanding}, 
	author={Libo Qin and Wanxiang Che and Yangming Li and Haoyang Wen and Ting Liu},
	year={2019},
	eprint={1909.02188},
	journal={arXiv preprint arXiv:1909.02188},
}


@INPROCEEDINGS{kane:2020,
	author={Kane, Bamba and Rossi, Fabio and Guinaudeau, Oph√©lie and Chiesa, Valeria and Qu√©nel, Ilhem and Chau, St√©phane},
	booktitle={2020 6th IEEE Congress on Information Science and Technology (CiSt)}, 
	title={Joint Intent Detection and Slot Filling via CNN-LSTM-CRF}, 
	year={2020},
	volume={},
	number={},
	pages={342-347},
	doi={10.1109/CiSt49399.2021.9357183},
	address={Virtual Event}
}
@inproceedings{Wang:2020,
	author = {Wang, Congrui and Huang, Zhen and Hu, Minghao},
	title = {SASGBC: Improving Sequence Labeling Performance for Joint Learning of Slot Filling and Intent Detection},
	year = {2020},
	isbn = {9781450376730},
	publisher = {Association for Computing Machinery},
	address = {New York, USA},
	doi = {10.1145/3379247.3379266},
	booktitle = {Proceedings of 2020 the 6th International Conference on Computing and Data Engineering},
	pages = {29‚Äì33},
	numpages = {5},
	keywords = {Intent Prediction, Slot Filling, Slot-Gated Mechanisms, Joint Learning, Deep Learning, Self-Attention},
	location = {Sanya, China},
	series = {ICCDE 2020}
}

@inproceedings{liu:2019,
	title = "{CM}-Net: A Novel Collaborative Memory Network for Spoken Language Understanding",
	author = "Liu, Yijin  and
	Meng, Fandong  and
	Zhang, Jinchao  and
	Zhou, Jie  and
	Chen, Yufeng  and
	Xu, Jinan",
	booktitle = "Proceedings of the 2019 Conference on Empirical Methods in Natural Language Processing and the 9th International Joint Conference on Natural Language Processing (EMNLP-IJCNLP)",
	month = nov,
	year = "2019",
	address = "Hong Kong, China",
	publisher = "Association for Computational Linguistics",
	doi = "10.18653/v1/D19-1097",
	pages = "1051--1060",
}
@article{lstm:hochreiter1997,
	title={Long short-term memory},
	author={Hochreiter, Sepp and Schmidhuber, J{\"u}rgen},
	journal={Neural computation},
	volume={9},
	number={8},
	pages={1735--1780},
	year={1997},
	publisher={MIT Press}
}

@article{snips:coucke2018,
	title   = {Snips Voice Platform: an embedded Spoken Language Understanding system for private-by-design voice interfaces},
	author  = {Coucke, Alice and Saade, Alaa and Ball, Adrien and Bluche, Th{\'e}odore and Caulier, Alexandre and Leroy, David and Doumouro, Cl{\'e}ment and Gisselbrecht, Thibault and Caltagirone, Francesco and Lavril, Thibaut and others},
	journal = {arXiv preprint arXiv:1805.10190},
	year    = {2018}
}
@inproceedings{atis:hemphill1990,
	title = "The {ATIS} Spoken Language Systems Pilot Corpus",
	author = "Hemphill, Charles  and
	Godfrey, John  and
	Doddington, George ",
	booktitle = "Speech and Natural Language: Proceedings of a Workshop",
	year = "1990",
	month={June},
	address={Hidden Valley, USA},
}


@article{gru:chung2014,
	title={Empirical Evaluation of Gated Recurrent Neural Networks on Sequence Modeling}, 
	author={Junyoung Chung and Caglar Gulcehre and KyungHyun Cho and Yoshua Bengio},
	year={2014},
	eprint={1412.3555},
	archivePrefix={arXiv preprint arXiv:1412.3555},
}
@article{harris1954distributional,
	title={Distributional structure},
	author={Harris, Zellig},
	journal={Word},
	volume={10},
	number={2-3},
	pages={146--162},
	year={1954},
	publisher={Taylor \& Francis}
}
@article{dropout:Srivastava,
	author = {Srivastava, Nitish and Hinton, Geoffrey and Krizhevsky, Alex and Sutskever, Ilya and Salakhutdinov, Ruslan},
	title = {Dropout: A Simple Way to Prevent Neural Networks from Overfitting},
	year = {2014},
	issue_date = {January 2014},
	journal = {Journal of Machine Learning Research},
	publisher = {Microtome Publishing},
	volume = {15},
	number = {1},
	issn = {1532-4435},
	month = {jan},
	pages = {1929--1958},
	numpages = {30},
}
@inproceedings{clipping:mikolov,
	author = {Pascanu, Razvan and Mikolov, Tomas and Bengio, Yoshua},
	title = {On the Difficulty of Training Recurrent Neural Networks},
	year = {2013},
	publisher = {Microtome Publishing},
	booktitle = {Proceedings of the 30th International Conference on International Conference on Machine Learning - Volume 28},
	pages = {1310--1318},
	location = {Atlanta, USA},
	series = {ICML'13}
}
@article{adamw:Loshchilov,
	doi = {10.48550/ARXIV.1711.05101},
	author = {Loshchilov, Ilya and Hutter, Frank},
	title = {Decoupled Weight Decay Regularization},
	journal = {arXiv preprint arXiv:1711.05101},
	year = {2017},
}

@article{wordpiece,
	doi = {10.48550/ARXIV.1609.08144},
	author = {Wu, Yonghui and Schuster, Mike and Chen, Zhifeng and Le, Quoc and Norouzi, Mohammad and Macherey, Wolfgang and Krikun, Maxim and Cao, Yuan and Gao, Qin and Macherey, Klaus and Klingner, Jeff and Shah, Apurva and Johnson, Melvin and Liu, Xiaobing and Kaiser, Lukasz and Gouws, Stephan and Kato, Yoshikiyo and Kudo, Taku and Kazawa, Hideto and Stevens, Keith and Kurian, George and Patil, Nishant and Wang, Wei and Young, Cliff and Smith, Jason and Riesa, Jason and Rudnick, Alex and Vinyals, Oriol and Corrado, Greg and Hughes, Macduff and Dean, Jeffrey},
	keywords = {Computation and Language (cs.CL), Artificial Intelligence (cs.AI), Machine Learning (cs.LG), FOS: Computer and information sciences, FOS: Computer and information sciences},
	title = {Google's Neural Machine Translation System: Bridging the Gap between Human and Machine Translation},
	journal = {arXiv preprint arXiv:1609.08144},
	year = {2016},
}

@inproceedings{ethayarajh-2019-contextual,
	title = "How Contextual are Contextualized Word Representations? {C}omparing the Geometry of {BERT}, {ELM}o, and {GPT}-2 embeddings",
	author = "Ethayarajh, Kawin",
	booktitle = "Proceedings of the 2019 Conference on Empirical Methods in Natural Language Processing and the 9th International Joint Conference on Natural Language Processing (EMNLP-IJCNLP)",
	month = nov,
	year = "2019",
	address = "Hong Kong, China",
	publisher = "Association for Computational Linguistics",
	doi = "10.18653/v1/D19-1006",
	pages = "55--65",
}
@inproceedings{goo-etal-2018-slot,
	title = "Slot-Gated Modeling for Joint Slot Filling and Intent Prediction",
	author = "Goo, ChihWen  and
	Gao, Guang  and
	Hsu, YunKai  and
	Huo, ChihLi  and
	Chen, TsungChieh  and
	Hsu, KengWei  and
	Chen, YunNung",
	booktitle = "Proceedings of the 2018 Conference of the North {A}merican Chapter of the Association for Computational Linguistics: Human Language Technologies, Volume 2 (Short Papers)",
	month = jun,
	year = "2018",
	address = "New Orleans, USA",
	publisher = "Association for Computational Linguistics",
	doi = "10.18653/v1/N18-2118",
	pages = "753--757",
}

@inproceedings{zhang-2018-joint,
	title = "Joint models for {NLP}",
	author = "Zhang, Yue",
	booktitle = "Proceedings of the 2018 Conference on Empirical Methods in Natural Language Processing: Tutorial Abstracts",
	month = oct # "-" # nov,
	year = "2018",
	address = "Melbourne, Australia",
	publisher = "Association for Computational Linguistics",
}
@inproceedings{yang-etal-2016-hierarchical,
	title = "Hierarchical Attention Networks for Document Classification",
	author = "Yang, Zichao  and
	Yang, Diyi  and
	Dyer, Chris  and
	He, Xiaodong  and
	Smola, Alex  and
	Hovy, Eduard",
	booktitle = "Proceedings of the 2016 Conference of the North {A}merican Chapter of the Association for Computational Linguistics: Human Language Technologies",
	month = jun,
	year = "2016",
	address = "San Diego, USA",
	publisher = "Association for Computational Linguistics",
	doi = "10.18653/v1/N16-1174",
	pages = "1480--1489",
}
@inproceedings{aligned_lstm_atten_nlu,
	author={Bing Liu and Ian Lane},
	title={Attention-Based Recurrent Neural Network Models for Joint Intent Detection and Slot Filling},
	year=2016,
	booktitle={Proceedings of Interspeech 2016},
	pages={685--689},
	address={San Francisco, USA},
	doi={10.21437/Interspeech.2016-1352},
}
@article{attention_bahdanau,
	title={Neural machine translation by jointly learning to align and translate},
	author={Bahdanau, Dzmitry and Cho, Kyunghyun and Bengio, Yoshua},
	journal={arXiv preprint arXiv:1409.0473},
	year={2014}
}

 @article{socialchatbot, 
 	title={From tvs to beertails: How chatbots help brands engage consumers on Twitter}, 
 	url="https://marketing.twitter.com/en/perspectives/ from-tvs-to-beertails-how-chatbots-help-brands-engage-consumers-on-twitter",
 	 journal={Twitter Marketing}, 
 	 publisher={Twitter}, 
 	 author={Lesser, Jeff}, 
 	 year={2017}, 
 	 month={Dec}
  } 
@article{relative_positioning_transformer,
	title={Transformer-xl: Attentive language models beyond a fixed-length context},
	author={Dai, Zihang and Yang, Zhilin and Yang, Yiming and Carbonell, Jaime and Le, Quoc and Salakhutdinov, Ruslan},
	journal={arXiv preprint arXiv:1901.02860},
	year={2019}
}
@inbook{priorknowledge,
	author = { Chunning Hou  and  Jinpeng   Li  and  Hang   Yu  and  Xiangfeng   Luo  and  Shaorong Xie },
	title = {Prior knowledge modeling for joint intent detection and slot filling},
	booktitle = {Machine Learning, Multi Agent and Cyber Physical Systems},
	publisher = {World Scientific},
	chapter = {},
	pages = {3--10},
	year = {2023},
	doi = {10.1142/9789811269264_0001},

}
@article{doubledescent,
	title={Deep double descent: Where bigger models and more data hurt},
	author={Nakkiran, Preetum and Kaplun, Gal and Bansal, Yamini and Yang, Tristan and Barak, Boaz and Sutskever, Ilya},
	journal={Journal of Statistical Mechanics: Theory and Experiment},
	volume={2021},
	number={12},
	pages={124003},
	year={2021},
	publisher={IOP Publishing}
}
@ARTICLE{ngram,
	author={Suen, Ching},
	journal={IEEE Transactions on Pattern Analysis and Machine Intelligence}, 
	title={n-Gram Statistics for Natural Language Understanding and Text Processing}, 
	year={1979},
	volume={PAMI-1},
	number={2},
	pages={164-172},
	doi={10.1109/TPAMI.1979.4766902}
}
@article{varghese2020bidirectional,
	title={Bidirectional LSTM joint model for intent classification and named entity recognition in natural language understanding},
	author={Varghese, Sam and Sarang, Saleha and Yadav, Vipul and Karotra, Bharat and Gandhi, Niketa},
	journal={International Journal of Hybrid Intelligent Systems},
	volume={16},
	number={1},
	pages={13--23},
	year={2020},
	publisher={IOS Press}
}
@article{jaech2016domain,
	title={Domain adaptation of recurrent neural networks for natural language understanding},
	author={Jaech, Aaron and Heck, Larry and Ostendorf, Mari},
	journal={arXiv preprint arXiv:1604.00117},
	year={2016}
}
@inproceedings{louvan2018exploring,
	title={Exploring named entity recognition as an auxiliary task for slot filling in conversational language understanding},
	author={Louvan, Samuel and Magnini, Bernardo},
	booktitle={Proceedings of the 2018 EMNLP Workshop SCAI: The 2nd International Workshop on Search-Oriented Conversational AI},
	pages={74--80},
	year={2018},
	address={Brussels, Belgium}
	
}
@inproceedings{vu2016bi,
	title={Bi-directional recurrent neural network with ranking loss for spoken language understanding},
	author={Vu, Ngoc Thang and Gupta, Pankaj and Adel, Heike and Sch{\"u}tze, Hinrich},
	booktitle={2016 IEEE International Conference on Acoustics, Speech and Signal Processing (ICASSP)},
	pages={6060--6064},
	year={2016},
	organization={IEEE},
	address={Shanghai, China}
}
@article{xu2020end,
	title={End-to-end slot alignment and recognition for cross-lingual NLU},
	author={Xu, Weijia and Haider, Batool and Mansour, Saab},
	journal={arXiv preprint arXiv:2004.14353},
	year={2020}
}
@article{wei2022joint,
	title={Joint intent detection and slot filling with wheel-graph attention networks},
	author={Wei, Pengfei and Zeng, Bi and Liao, Wenxiong},
	journal={Journal of Intelligent \& Fuzzy Systems},
	volume={42},
	number={3},
	pages={2409--2420},
	year={2022},
	publisher={IOS Press}
}

@Article{info12110442,
	AUTHOR = {Noh, SeolHyun},
	TITLE = {Analysis of Gradient Vanishing of RNNs and Performance Comparison},
	JOURNAL = {Information},
	VOLUME = {12},
	YEAR = {2021},
	NUMBER = {11},
	ARTICLE-NUMBER = {442},
	ISSN = {2078-2489},
	DOI = {10.3390/info12110442},
	publisher = {Multidisciplinary Digital Publishing Institute}
}
@INPROCEEDINGS{5700816,
	author={Tur, Gokhan and HakkaniT√ºr, Dilek and Heck, Larry},
	booktitle={2010 IEEE Spoken Language Technology Workshop}, 
	title={What is left to be understood in ATIS?}, 
	year={2010},
	volume={},
	number={},
	pages={19-24},
	doi={10.1109/SLT.2010.5700816},
	address={Berkeley, USA}

}
@inproceedings{
	Kag2020RNNs,
	title={RNNs Incrementally Evolving on an Equilibrium Manifold: A Panacea for Vanishing and Exploding Gradients?},
	author={Anil Kag and Ziming Zhang and Venkatesh Saligrama},
	booktitle={International Conference on Learning Representations},
	year={2020},
	address={Addis Ababa, Ethiopia}
}


